fiscalDateEnding_income,reportedCurrency_income,grossProfit,totalRevenue,costOfRevenue,costofGoodsAndServicesSold,operatingIncome,sellingGeneralAndAdministrative,researchAndDevelopment,operatingExpenses,investmentIncomeNet,netInterestIncome,interestIncome,interestExpense,nonInterestIncome,otherNonOperatingIncome,depreciation,depreciationAndAmortization,incomeBeforeTax,incomeTaxExpense,interestAndDebtExpense,netIncomeFromContinuingOperations,comprehensiveIncomeNetOfTax,ebit,ebitda,netIncome,date,fiscalDateEnding_balance,reportedCurrency_balance,totalAssets,totalCurrentAssets,cashAndCashEquivalentsAtCarryingValue,cashAndShortTermInvestments,inventory,currentNetReceivables,totalNonCurrentAssets,propertyPlantEquipment,accumulatedDepreciationAmortizationPPE,intangibleAssets,intangibleAssetsExcludingGoodwill,goodwill,investments,longTermInvestments,shortTermInvestments,otherCurrentAssets,otherNonCurrentAssets,totalLiabilities,totalCurrentLiabilities,currentAccountsPayable,deferredRevenue,currentDebt,shortTermDebt,totalNonCurrentLiabilities,capitalLeaseObligations,longTermDebt,currentLongTermDebt,longTermDebtNoncurrent,shortLongTermDebtTotal,otherCurrentLiabilities,otherNonCurrentLiabilities,totalShareholderEquity,treasuryStock,retainedEarnings,commonStock,commonStockSharesOutstanding
2025-03-31,USD,224538000,580337000,355799000,355799000,229281000,14481000,None,14481000,None,-43850000,None,43850000,None,None,None,205690000,185787000,46805000,None,138982000,None,229637000,435327000,138982000,2025-03-31,2025-03-31,USD,5674614000,521612000,33576000,33576000,None,419470000,5153002000,None,None,None,None,None,None,None,None,57980000,None,3272533000,564318000,230924000,None,None,None,2708215000,None,2310500000,None,None,None,333394000,2148000,2402081000,None,581500000,501000,99992487
2024-12-31,USD,185323000,549201000,363878000,363878000,132634000,15528000,None,52688000,None,-45259000,None,45259000,None,None,None,204674000,87838000,16140000,None,71699000,None,133098000,337772000,71698000,2024-12-31,2024-12-31,USD,5603822000,500743000,8933000,8933000,None,427723000,5103079000,None,None,None,None,None,None,None,None,64087000,None,3283387000,544270000,202866000,None,None,None,2739117000,None,2369294000,None,None,2369294000,341404000,2272000,2320435000,None,442518000,501000,101267625
2024-09-30,USD,208258000,515488000,307230000,307230000,433940000,10005000,None,-225682000,None,-36837000,None,36837000,None,None,None,185657000,397223000,98777000,None,298446000,None,434060000,619717000,298446000,2024-09-30,2024-09-30,USD,5055327000,518923000,34356000,34356000,None,353506000,4536404000,None,None,None,None,None,None,None,None,131061000,None,2741825000,420288000,152455000,None,None,None,2321537000,None,1953099000,None,None,1953099000,267833000,2391000,2313502000,None,370819000,502000,100724784
2024-06-30,USD,238134000,564194000,326060000,326060000,222464000,13538000,None,15670000,None,-37696000,None,37696000,None,None,None,176612000,181303000,42747000,None,138557000,None,218999000,395611000,138556000,2024-06-30,2024-06-30,USD,4724664000,413667000,7778000,7778000,1,361984000,4310997000,None,None,None,None,None,None,None,None,43905000,None,2656357000,465569000,150145000,None,None,None,2190788000,None,1874909000,None,None,1874909000,315424000,2509000,2068307000,None,72373000,502000,101985074
2024-03-31,USD,204264000,534879000,330615000,330615000,192871000,11393000,None,11393000,None,-37925000,None,37925000,None,None,None,173958000,14452000,2846000,None,11606000,None,52377000,226335000,11606000,2024-03-31,2024-03-31,USD,4633801000,412796000,32468000,32468000,1,334258000,4221005000,None,None,None,None,None,None,None,None,46070000,None,2631822000,428010000,156233000,None,None,None,2203812000,None,1938731000,None,None,1938731000,271777000,2624000,2001980000,None,-66183000,503000,101636132
2023-12-31,USD,11439000,310591000,299152000,299152000,1118000,9553000,None,10321000,None,-36513000,None,36513000,None,None,None,151188000,447614000,58761000,None,388853000,None,484127000,635315000,388853000,2023-12-31,2023-12-31,USD,4484255000,509407000,8195000,8195000,1,373780000,3974848000,None,None,None,None,None,None,None,None,127432000,None,2436579000,385761000,192672000,None,None,None,2050818000,None,1835554000,None,None,1835554000,193089000,2742000,2047676000,None,-77790000,503000,99814411
2023-09-30,USD,55518000,313973000,258455000,258455000,42438000,11846000,None,271536000,None,-37040000,37040000,37040000,None,None,None,133791000,5419000,-20691000,None,26110000,None,42459000,176250000,26111000,2023-09-30,2023-09-30,USD,4304666000,469626000,12952000,12952000,-456674000,363516000,3835040000,3788636000,None,None,None,None,None,None,None,93158000,None,2896873000,602491000,235129000,None,None,0,2294382000,None,2057359000,None,None,2057359000,365311000,2847000,1407793000,None,-466642000,495000,93742407
2023-06-30,USD,190870000,418785000,227915000,227915000,234791000,12402000,None,13848000,None,-31968000,31968000,31968000,None,None,None,106427000,206826000,39012000,None,167814000,None,238794000,345221000,167815000,2023-06-30,2023-06-30,USD,3664749000,385753000,14805000,14805000,102923000,265042000,3278995000,3216981000,None,None,None,None,None,None,None,105411000,None,2248952000,378751000,154020000,None,None,0,1870201000,None,1672551000,None,None,1672551000,224731000,2944000,1415797000,None,-492753000,495000,89108519
2023-03-31,USD,220934000,428558000,207624000,207624000,360589000,13000000,None,-139655000,None,-30143000,31160000,30143000,None,None,None,94618000,340883000,692000,None,340191000,None,371026000,465644000,340191000,2023-03-31,2023-03-31,USD,3342866000,395941000,6073000,6073000,113141000,274399000,2946926000,2915940000,None,None,None,None,None,None,None,115469000,None,2294800000,345300000,134264000,None,None,0,1949500000,None,1756949000,None,None,1756949000,210683000,3043000,1048066000,None,-660568000,487000,85407197
2022-12-31,USD,257848000,445647000,187799000,187799000,167535000,15045000,None,15045000,None,-23808000,24587000,23808000,None,None,None,77317000,145042000,-27000,None,145069000,None,168850000,246167000,145068000,2022-12-31,2022-12-31,USD,2875178000,320485000,2528000,2528000,44269000,271674000,2554693000,2482926000,None,None,None,None,None,None,None,46283000,None,2129918000,344972000,128582000,None,None,0,1784946000,None,1525413000,None,None,1525413000,216390000,2046000,745260000,None,-1000759000,487000,81857034
2022-09-30,USD,357324000,534050000,176726000,176726000,281070000,10278000,None,10278000,None,-20135000,20177000,20135000,None,None,None,65975000,584798000,1333000,None,583465000,None,604934000,670909000,583465000,2022-09-30,2022-09-30,USD,2471476000,376694000,9129000,9129000,1,318139000,2094782000,2015060000,None,None,None,None,None,None,None,49426000,None,1762379000,381746000,142678000,None,None,0,1380633000,None,1169220000,None,None,1169220000,239068000,2116000,709097000,None,-1145827000,481000,86141293
2022-06-30,USD,386365000,549643000,163278000,163278000,270104000,8064000,None,8064000,None,-18410000,17886000,18410000,None,None,None,54796000,252269000,1006000,None,251263000,None,270679000,325475000,251264000,2022-06-30,2022-06-30,USD,2192235000,382795000,1471000,1471000,None,360859000,1809440000,1771252000,None,None,None,None,None,None,None,20465000,None,2039585000,635932000,141372000,None,None,0,1403653000,None,1102214000,None,None,1102214000,494560000,2186000,152650000,None,-1729292000,481000,86788465
2022-03-31,USD,314117000,456458000,142341000,142341000,300304000,13813000,None,13813000,None,-17977000,16687000,17977000,None,None,None,53185000,-205771000,789000,None,-206560000,None,-187794000,-134609000,-206560000,2022-03-31,2022-03-31,USD,2024469000,323456000,3335000,3335000,None,297754000,1701013000,1689545000,None,None,None,None,None,None,None,22367000,None,2059771000,625529000,101696000,None,None,3000,1434242000,None,1119500000,None,None,1119503000,523830000,2304000,-35302000,None,-1980556000,479000,76922543
2021-12-31,USD,213932000,332373000,118441000,118441000,190286000,10463000,None,10463000,None,-15899000,15311000,15899000,None,None,None,42814000,174960000,233000,None,174727000,None,190859000,233673000,174727000,2021-12-31,2021-12-31,USD,1522866000,215328000,9519000,9519000,8838000,193554000,1307538000,1253342000,None,None,None,None,None,None,None,3417000,None,1307732000,327557000,65464000,None,None,189000,980175000,None,803437000,None,None,803626000,261904000,3111000,215134000,None,-1773996000,479000,81849627
2021-09-30,USD,160617000,259670000,99053000,99053000,26964000,5490000,None,5490000,None,-14586000,14494000,14586000,None,None,None,35885000,12554000,127989000,None,12554000,None,27140000,63025000,12554000,2021-09-30,2021-09-30,USD,1244062000,167583000,2006000,2006000,5137000,158047000,1076479000,1064509000,None,None,None,None,None,None,None,2393000,None,1401773000,355172000,65912000,None,None,504000,1046601000,None,858415000,None,None,858919000,288756000,4349000,-157711000,None,-1948723000,468000,66629566
2021-06-30,USD,133596000,225717000,92121000,92121000,-74920000,7604000,None,7604000,None,-15024000,14903000,15024000,None,None,None,30908000,-90563000,201535000,None,-90563000,None,-75539000,-44631000,-90563000,2021-06-30,2021-06-30,USD,1091810000,139664000,4843000,4843000,951000,131165000,952146000,930080000,None,None,None,None,None,None,None,2705000,None,1260027000,300837000,49186000,None,None,558000,959190000,None,801998000,None,None,802556000,251093000,3490000,-168217000,None,-1961276000,468000,60694795
2021-03-31,USD,78346000,157332000,78986000,78986000,-64371000,6782000,None,6782000,None,-13510000,13270000,13510000,None,None,None,31221000,-90357000,148414000,None,-90357000,None,-76847000,-45626000,-90357000,2021-03-31,2021-03-31,USD,873243000,102424000,2729000,2729000,2436000,94804000,770819000,742385000,None,None,None,None,None,None,None,2455000,None,1053926000,155968000,40788000,None,None,600000,897958000,None,817061000,None,None,817661000,114580000,26000,-180683000,None,-1870714000,462000,54538099
2020-12-31,USD,29508000,99515000,70007000,70007000,-128757000,4361000,None,4361000,None,-13358000,13172000,13358000,None,None,None,32770000,-142123000,153887000,None,-142123000,None,-128766000,-95996000,-142123000,2020-12-31,2020-12-31,USD,872089000,125629000,1428000,1428000,51766000,71015000,746460000,735204000,None,None,None,None,None,None,None,53186000,None,1095393000,182475000,35803000,None,None,65000000,912918000,None,879843000,65000000,None,944843000,81672000,50000,-223304000,None,-1780356000,448000,45520634
2020-09-30,USD,11802000,73683000,61881000,61881000,-218653000,4605000,None,4605000,None,-14637000,14413000,14637000,None,None,None,30785000,-233004000,224034000,None,-233004000,None,-218366000,-187581000,-233004000,2020-09-30,2020-09-30,USD,1025524000,183749000,1803000,1803000,120182000,60067000,841775000,823002000,None,None,None,None,None,None,None,121879000,None,1109255000,170455000,20372000,None,None,65000000,938800000,None,918327000,65000000,None,983327000,85083000,126000,-83731000,None,-1638234000,448000,43517074
2020-06-30,USD,-44644000,20667000,65311000,65311000,-884708000,4710000,None,4710000,None,-13957000,31937000,13957000,None,None,None,36756000,-899200000,835889000,None,-899200000,None,-885243000,-848487000,-899200000,2020-06-30,2020-06-30,USD,1263273000,205094000,1838000,1838000,157224000,43828000,1058179000,1009083000,None,None,None,None,None,None,None,159428000,None,1122545000,179220000,50005000,None,None,65000000,943325000,None,924171000,65000000,None,989171000,64215000,200000,140728000,None,-1404117000,436000,41535604
2020-03-31,USD,19164000,130204000,111040000,111040000,14294000,4871000,None,4871000,None,-16551000,17228000,16551000,None,None,None,61809000,368120000,-166000,None,368286000,None,384671000,446480000,368286000,2020-03-31,2020-03-31,USD,2237386000,354847000,8512000,8512000,246119000,98000000,1882539000,1773801000,None,None,None,None,None,None,None,248335000,None,1228379000,235078000,58447000,None,None,65000000,993301000,None,975282000,65000000,None,1040282000,111631000,274000,1009007000,None,-504917000,406000,49721264
2019-12-31,USD,45717000,160709000,114992000,114992000,-62527000,8118000,None,8118000,None,-21840000,21840000,21840000,None,None,None,63410000,-107939000,123768000,None,-107937000,None,-86098000,-22688000,-107939000,2019-12-31,2019-12-31,USD,1905465000,133037000,16068000,16068000,6521000,108484000,1772428000,1748593000,None,None,None,None,None,None,None,1964000,None,1346822000,203477000,69395000,None,None,122574000,1143345000,None,1118161000,None,None,1240735000,11298000,346000,558643000,None,-873203000,406000,40204203
2019-09-30,USD,54688000,157992000,103304000,103304000,50559000,4206000,None,4206000,None,-21510000,21533000,21510000,None,None,None,55566000,94381000,-65332000,None,94381000,None,115889000,171455000,94381000,2019-09-30,2019-09-30,USD,1902009000,172110000,1901000,1901000,66562000,103646000,1729899000,1676955000,None,None,None,None,None,None,None,66563000,None,1387895000,230824000,112698000,None,None,None,1157071000,None,1140072000,None,None,1140072000,118126000,417000,514114000,None,-765266000,404000,39653070
2019-06-30,USD,63592000,149849000,86257000,86257000,92239000,5250000,None,5250000,None,-17778000,22651000,17778000,None,None,None,46091000,44399000,-3836000,None,44399000,None,62177000,108268000,44399000,2019-06-30,2019-06-30,USD,1494391000,133068000,2794000,2794000,33956000,88092000,1361324000,1293282000,None,None,None,None,None,None,None,8226000,None,1104743000,232726000,175164000,None,None,2791000,872017000,None,857198000,2791000,None,859989000,54771000,330000,389648000,None,-859647000,389000,37872451
2019-03-31,USD,50369000,132689000,82320000,82320000,-95305000,6051000,None,6051000,None,-19548000,13261000,19548000,None,None,None,45134000,-107162000,131944000,None,-107162000,None,-87614000,-42480000,-107162000,2019-03-31,2019-03-31,USD,1395779000,126461000,3944000,3944000,18621000,91714000,1269318000,1240691000,None,None,None,None,None,None,None,12182000,None,1083019000,226054000,154339000,None,None,9225000,856965000,None,839229000,9225000,None,848454000,62490000,381000,312760000,None,-904046000,377000,37144856
2018-12-31,USD,69156139,152567433,83411294,83411294,354808839,4975781,0,4975781,None,None,None,20940722,None,None,None,48294929,218237263,-55000,None,218292263,None,239177982,287472911,218292263,2018-12-31,2018-12-31,USD,1503645305,228414559,2357858,2357858,116138740,97557934,1275230746,1202745241,None,None,None,None,None,None,None,12360027,None,1073780422,231526297,135482513,None,None,400208345,842254125,None,830203272,18183212,None,1230411345,76252129,None,429864883,None,-796884497,378333,37940110
2018-09-30,USD,83419098,145417293,61998195,61998195,35596558,4674467,0,4674467,None,None,None,20438025,None,None,None,30258089,18978573,39627427,None,18978573,None,39416597,69674686,18978573,2018-09-30,2018-09-30,USD,1068949402,224740440,112965907,112965907,2552490,91261396,844208962,817980831,None,None,None,None,None,None,None,17960647,None,1057739429,215378909,122279397,None,None,6030363,842360520,None,789789014,6030363,None,795558413,87069149,None,11209973,None,-1015176760,334210,30175541
2018-06-30,USD,61771894,109048687,47276793,47276793,16317867,3251239,0,3251239,None,None,None,22403373,None,None,None,22596028,-96546698,133035763,None,-96546698,None,-74143321,-51547293,-96546698,2018-06-30,2018-06-30,USD,883082503,275983359,200924143,200924143,416002,69058427,607099144,601012579,None,None,None,None,None,None,None,6000789,None,1030902761,158003883,92176052,None,None,10923000,872898878,None,834767656,10923000,None,834767656,54904831,None,-147820258,None,-1034155333,293600,19614061
2018-03-31,USD,47843549,86884914,39041365,39041365,25905223,1666875,0,1666875,None,None,None,23106761,None,None,None,18630629,2965097,20271451,None,2965097,None,26071860,44702489,2965097,2018-03-31,2018-03-31,USD,664470446,147020439,89472745,89472745,3023851,52069278,517450007,510666737,None,None,None,None,None,None,None,5478416,None,1153246930,147942804,95148543,None,None,980782714,1005304126,None,980782714,980782714,None,980782714,52794261,None,-488776484,None,-937608635,65938,6538277
2017-12-31,USD,34893807,72479598,37585791,37585791,-3659510,3076000,0,3076000,None,None,None,20881740,None,None,None,17631875,-25418703,-1570016,None,-53343866,None,-4536960,13094915,-23848687,2017-12-31,2017-12-31,USD,632253679,152758154,102183191,102183191,604977,47636698,479495525,473220000,None,None,None,None,None,None,None,2333288,None,1123094229,123575246,93152297,None,None,773258942,999518983,None,979324000,979324222,None,979324222,18681891,None,-490840550,None,-940573732,66792,6467278
2017-09-30,USD,21233953,54261912,33027959,33027959,584981,7985719,0,7985719,None,None,None,16672632,None,None,None,15357685,-16087467,12663253,None,98110327,None,585164,15942849,-16087467,2017-09-30,2017-09-30,USD,494365880,53470363,6776667,6776667,3833637,40581385,440895517,433409000,None,None,None,None,None,817418,None,6112311,None,964970306,265468079,81150980,None,None,155000000,699502227,None,691118000,155000000,None,846118074,29317099,None,-470604426,None,-916725044,63822,6184337
2017-06-30,USD,18129084,48388850,30259766,30259766,30324977,4317139,0,4317139,None,None,None,16428164,None,None,None,13682452,13801859,-16513032,None,-70900756,None,30230022,43912474,13801859,2017-06-30,2017-06-30,USD,481305903,60669457,3808829,3808829,16567823,37386830,420636446,407941000,None,None,None,None,None,4557331,None,19473798,None,936776875,83343284,72396006,None,None,845281659,853433591,None,845282000,845281659,None,845281659,10947278,None,-455470972,None,-900637578,63822,6188595
2017-03-31,USD,19892208,48855964,28963756,28963756,33244148,3608943,0,3608943,None,None,None,16303805,None,None,None,12828143,16940523,-16960883,None,16940523,None,33244327,46072470,16940523,2017-03-31,2017-03-31,USD,449244727,48188446,5518799,5518799,4850084,35347246,401056281,390803000,None,None,None,None,None,2058303,None,7322400,None,919335025,88587466,64204150,None,None,408822,830747559,None,823451000,408822,None,823450676,24383316,None,-470090298,None,-914439437,63383,6197212
2016-12-31,USD,17362743,47084861,29722118,29722118,2485839,3735671,0,3735671,None,None,None,16195176,None,None,None,13523186,-13732577,-1402179,None,-247874813,None,2462598,15985784,-12330398,2016-12-31,2016-12-31,USD,431532961,46894169,6486098,6486098,1581720,37242221,384638792,376209000,None,None,None,None,None,None,None,3165850,None,918954629,77443666,56146847,None,None,832625125,841510963,None,832625000,832625125,None,832625125,21296819,None,-487421668,None,-931379960,63260,6131045
2016-09-30,USD,13063882,41727844,28663962,28663962,-29473638,2098293,0,2098293,None,None,None,16145440,None,None,None,13698020,-45618895,40439227,None,63359766,None,-29473458,-15775438,-45618895,2016-09-30,2016-09-30,USD,410372136,46321835,3319021,3319021,8945998,32856099,364050301,355364000,None,None,None,None,None,20166,None,10146715,None,886432594,72582958,47759558,None,None,707703,813849636,None,807789000,707703,None,807788710,24823401,None,-476060458,None,-919049564,63030,6123762
2016-06-30,USD,11057626,42537174,31479548,31479548,-92932518,4586275,0,4586275,None,None,None,16046325,None,None,None,16176863,-108978662,99403869,None,-108978661,None,-92932337,-76755474,-108978662,2016-06-30,2016-06-30,USD,465384219,59592690,3667114,3667114,14115889,40558636,405791529,396890000,None,None,None,None,None,20166,None,15366940,None,895181460,70349727,59318247,None,None,1387889,824831733,None,818952000,1387889,None,818952295,11031480,None,-429797241,None,-873430668,64597,6118031
2016-03-31,USD,-4199895,28372353,32572248,32572248,-109384536,4337402,0,4337402,None,None,None,16098682,None,None,None,17846089,-126565754,100847239,None,0,None,-110467072,-92620983,-126565754,2016-03-31,2016-03-31,USD,573188737,79138183,4388142,4388142,44279518,29704685,494050554,485359000,None,None,None,None,None,None,None,45045356,None,895693780,86810730,62860879,None,None,None,808883050,None,803121000,None,None,803121312,23949851,None,-322505043,None,-764452006,63732,6096402
2015-12-31,USD,-801551,39349119,40150670,40150670,-156199165,5817991,0,5817991,None,None,None,16081987,None,None,None,24140489,-172313370,-50,None,-975354541,None,-156231386,-132090897,-172313320,2015-12-31,2015-12-31,USD,733945448,128814806,3390389,3390389,66301437,58230113,605130642,589320000,None,None,None,None,None,None,None,67194304,None,931547562,78115147,65319170,None,None,835290329,853432415,None,847804000,835290329,None,847804829,12795977,None,-197602114,None,-637886252,63120,6072753
2015-09-30,USD,503661,49789790,49286129,49286129,-307167002,4614771,0,4614771,None,None,None,16154160,None,None,None,31670479,-323319576,-77544,None,0,None,-307165416,-275494937,-323242032,2015-09-30,2015-09-30,USD,1001236168,189203701,7042258,7042258,89884240,91293591,812032467,757175000,None,None,None,None,None,None,None,90867852,None,1029577891,156418872,98885559,None,None,None,873159019,None,867677000,None,None,867676782,57533313,None,-28341723,None,-465572931,61601,6067925
2015-06-30,USD,5891848,63074242,57182394,57182394,-302539733,4256436,0,4256436,None,None,None,14387693,None,None,None,36745805,-316927227,-66866610,None,0,None,-302539534,-265793729,-250060617,2015-06-30,2015-06-30,USD,1338766886,175633528,7112054,7112054,84574274,82406315,1163133358,1115692000,None,None,None,None,None,None,None,86115159,None,1044975190,154093546,115820230,None,None,None,890881644,None,885549000,None,None,885548735,38273316,None,293791696,None,-142330899,61603,6064463
2015-03-31,USD,-14363882,50461355,64825237,64825237,-353482367,4352806,0,4352806,None,None,None,11736547,None,None,None,45213039,-365218572,-135480000,None,0,None,-353482025,-308268986,-229738572,2015-03-31,2015-03-31,USD,1640664805,212175499,5741083,5741083,126574072,78591692,1428489306,1400995000,None,None,None,None,None,None,None,127842724,None,1097788187,221818334,161546866,None,None,None,875969853,None,845681000,None,None,845681416,60271468,None,542876618,None,107729716,61553,6055618
2014-12-31,USD,19665968,94458654,74792686,74792686,177804423,4924825,0,4924825,None,None,None,11255672,None,None,None,48924152,166550321,62967000,None,163745945,None,177804423,226728575,103583321,2014-12-31,2014-12-31,USD,2026746332,225987573,9337512,9337512,129823254,85931719,1800758759,1761926000,None,None,None,None,None,25013011,None,130718342,None,1255884691,285734207,231557547,None,None,806053097,970150484,None,806052000,806053097,None,806053097,54176660,None,770861641,None,337468289,61067,6055618
2014-09-30,USD,46762205,119194188,72431983,72431983,103646534,4698972,0,4698972,None,None,None,10624246,None,None,None,45646231,93035310,35050000,None,0,None,104223534,149869765,57985310,2014-09-30,2014-09-30,USD,1796574655,106448328,8049167,8049167,8031114,88575478,1690126327,1669444000,None,None,None,None,None,None,None,9823683,None,1128264048,239084180,220127572,None,None,None,889179868,None,736425000,None,None,736424779,18956608,None,668310607,None,233884967,61027,6073650
2014-06-30,USD,53699357,121158316,67458959,67458959,3162235,3980819,0,3980819,None,None,None,10326789,None,None,None,42212250,-7162450,-2750000,None,0,None,3162235,45374485,-4412450,2014-06-30,2014-06-30,USD,1734182649,128204049,14252184,14252184,21291736,90924750,1605978600,1590928000,None,None,None,None,None,None,None,23027115,None,1124724284,269464473,217865235,None,None,None,855259811,None,706797000,None,None,706796460,51599238,None,609458365,None,175899657,61030,6050478
2014-03-31,USD,39233419,96802970,57569551,57569551,20558066,3997690,0,3997690,None,None,None,9898968,None,None,None,36100921,10689763,4100000,None,0,None,20558066,56658987,6589763,2014-03-31,2014-03-31,USD,1598047200,104684787,8108950,8108950,13310471,82201632,1493362413,1477444000,None,None,None,None,None,None,None,14374205,None,984819036,209558676,168619872,None,None,None,775260360,None,647168000,None,None,647168142,40938804,None,613228164,None,180312107,60984,6144627
2013-12-31,USD,39235109,99167114,59932005,59932005,37490778,4507000,0,4507000,None,None,None,9568631,None,None,None,38927949,27905937,10505000,None,0,None,37490778,76418727,17400937,2013-12-31,2013-12-31,USD,1519599960,104387563,5687166,5687166,11112676,86816981,1415212397,1397307000,None,None,None,None,None,None,None,11883416,None,899771599,194088019,168936785,None,None,None,705683580,None,584540000,None,None,584539823,25151234,None,619828361,None,173722344,61858,6157535
2013-09-30,USD,53726617,107233436,53506819,53506819,12113046,4164335,0,4164335,None,None,None,9212834,None,None,None,32165062,2730904,1028000,None,0,None,12051590,44216652,1702904,2013-09-30,2013-09-30,USD,1452735780,118814458,11868598,11868598,12584821,92201013,1333921322,1316118000,None,None,None,None,None,None,None,14744847,None,851870683,185136745,146468743,None,None,None,666733938,None,554912000,None,None,554911504,38668002,None,600865097,None,156321406,61797,6275837
2013-06-30,USD,35164708,79650952,44486244,44486244,47729052,3915298,0,3946507,None,None,None,7819591,None,None,None,26527917,39641673,14630000,None,0,None,47492473,74020390,25011673,2013-06-30,2013-06-30,USD,1352562790,97961413,18095437,18095437,7494226,69571190,1254601377,1230490000,None,None,None,None,None,None,None,10294786,None,729107226,118726286,108389431,None,None,None,610380940,None,510283000,None,None,510283186,10336855,None,623455564,None,154618500,63808,6335815
2013-03-31,USD,39965060,83180020,43214960,43214960,20664069,3988806,0,4019053,None,None,None,6108000,None,None,None,26762446,14556133,5604614,None,0,None,20694380,47456826,8951519,2013-03-31,2013-03-31,USD,1263731481,94136643,8482166,8482166,9554938,75890491,1169594838,1157031000,None,None,None,None,None,None,None,9763986,None,667069764,134943953,118562082,None,None,None,532125811,None,439000000,None,None,439000000,16381871,None,596661717,None,129606827,63784,6331630
2012-12-31,USD,-35947258,80387724,116334982,116334982,33396172,4076619,0,-67984470,None,None,None,5744684,None,None,None,26750927,27675156,8123000,None,0,None,33419840,60170767,19552156,2012-12-31,2012-12-31,USD,1190935298,94214544,13387998,13387998,9491789,70219669,1096720754,1083244000,None,None,None,None,None,None,None,10606877,None,604750038,100456663,95822162,None,None,None,504293375,None,424000000,None,None,424000000,4634501,None,586185260,None,120655308,63532,6285732
2012-09-30,USD,63875308,80702787,16827479,16827479,5719299,9467711,0,37548835,None,None,None,5205822,None,None,None,28057415,513583,213422,None,0,None,5780567,33837982,300161,2012-09-30,2012-09-30,USD,1135215576,96654199,8234566,8234566,8814598,79324983,1038561377,1024066000,None,None,None,None,None,None,None,9094650,None,569839763,134760080,122259062,None,None,None,435079683,None,368000000,None,None,368000000,12501018,None,565375813,None,101103152,63491,6288267
2012-06-30,USD,56552918,70503175,13950257,13950257,75193800,4419607,0,30063544,None,None,None,2728104,None,None,None,25622116,72466396,28840000,None,0,None,75194500,100816616,43626396,2012-06-30,2012-06-30,USD,1073597565,117107492,25171675,25171675,25631744,66063522,956490073,933180000,None,None,None,None,None,None,None,25872295,None,515357985,153939141,143061879,None,None,None,361418844,None,300000000,None,None,300000000,10877262,None,558239580,None,100802991,63612,6270547
2012-03-31,USD,52631269,65223502,12592233,12592233,14827160,4681378,0,23103599,None,None,None,196299,None,None,None,18406589,14631261,5825350,None,0,None,14827560,33234149,8805911,2012-03-31,2012-03-31,USD,869807816,85757011,3834888,3834888,20166932,61365535,784050805,780417000,None,None,None,None,None,None,None,20556588,None,359760805,130922854,114864432,None,None,None,228837951,None,177500000,None,None,177500000,16058422,None,510047011,None,57176595,63504,6267015
2011-12-31,USD,44688570,53301854,8613284,8613284,-110618,3510897,0,18483542,None,None,None,160295,None,None,None,14936895,-270788,1110000,None,0,None,-110493,14826402,-1380788,2011-12-31,2011-12-31,USD,725593919,80504772,6279587,6279587,22488895,51418830,645089147,643703000,None,None,None,None,None,None,None,22806355,None,229023864,119660595,110133286,None,None,None,109363269,None,69900000,None,None,69900000,9527309,None,496570055,None,48370684,63330,6223923
2011-09-30,USD,35597091,43769357,8172266,8172266,45971022,4073988,0,14906750,None,None,None,182499,None,None,None,10824981,45790222,17173000,None,0,None,45972721,56797702,28617222,2011-09-30,2011-09-30,USD,595971749,90066570,8265649,8265649,36949148,44561467,505905179,501695000,None,None,None,None,None,None,None,37239454,None,101473064,58029958,52519516,None,None,None,43443106,None,15000000,None,None,15000000,5510442,None,494498685,None,49751472,63155,6226550
2011-06-30,USD,29659514,35586097,5926583,5926583,33722408,2749418,0,11177107,None,None,None,122546,None,None,None,8419895,33492900,13060000,None,0,None,33615446,42035341,20432900,2011-06-30,2011-06-30,USD,555282115,135653959,77379376,77379376,22477270,35586298,419628156,418441000,None,None,None,None,None,None,None,22688285,None,93741947,72155369,56416606,None,None,None,21586578,None,None,None,None,None,15738763,None,461540168,None,21134250,63138,6205388
2011-03-31,USD,22435214,27067434,4632220,4632220,-12332582,3290589,0,10227111,None,None,None,47547290,None,None,None,6931792,-11565542,-4507700,None,0,None,-11444900,-4513108,-7057842,2011-03-31,2011-03-31,USD,514427833,179984008,99705160,99705160,27631193,27027334,334443825,333166000,None,None,None,None,None,None,24866660,28384854,None,77976522,56944536,28531576,None,None,None,21031986,None,None,None,None,None,28412960,None,436451311,None,701350,63135,6300011
2010-12-31,USD,22723896,26237076,3513180,3513180,-2941834,1961860,0,10650646,None,None,None,29669344,None,None,None,8697808,-2761422,-1011000,None,0,None,12073250,20771058,-1750422,2010-12-31,2010-12-31,USD,509693965,233018360,152110701,152110701,18671345,22033647,276675605,275309000,None,None,None,None,None,None,39726700,19147312,None,74334483,59666926,48500204,None,None,None,14667557,None,None,None,None,400000,11166722,None,435359482,None,7759192,62129,6300011
2010-09-30,USD,7194444,9883821,2689377,2689377,1724336,1624071,0,5470108,None,None,None,145182,None,None,None,3828012,1607226,620000,None,0,None,1752408,5580420,987226,2010-09-30,2010-09-30,USD,261784360,65965869,39486949,39486949,8333728,17841344,195818491,194371000,None,None,None,None,None,None,None,8637576,None,29362184,19568886,15086298,None,None,None,9793298,None,400000,None,None,400000,4482588,None,232422176,None,9509614,51597,5214518
2010-06-30,USD,7194444,9883821,2689377,2689377,1724336,1624071,0,5470108,None,None,None,234220,None,None,None,3828012,1607226,620000,None,0,None,1841446,5669458,987226,2010-06-30,2010-06-30,USD,261784360,65965869,39486949,39486949,8333728,17841344,195818491,148751000,None,None,None,None,None,None,None,303848,None,29362184,19568886,15086298,None,None,None,9793298,None,400000,None,None,400000,4482588,None,232422176,None,9509614,51597,5214518
2010-03-31,USD,6243318,7221514,978196,978196,2624578,1706968,0,3618740,None,None,None,175896,None,None,None,1908235,2536630,977000,None,0,None,3792377,5700612,1559630,2010-03-31,2010-03-31,USD,148549202,34204202,1153583,1153583,7021581,8231812,114345000,113068000,None,None,None,None,None,None,17483941,7334866,None,21743335,16392207,13495727,None,None,31377,5351128,None,2800000,None,None,2831377,2865103,None,126805867,None,2401522,44933,4454446
2009-12-31,USD,5512091,6432175,920084,920084,1355011,431995,0,2920268,None,None,None,2791666,None,None,None,2175887,1352183,301000,None,0,None,2904209,5080096,1051183,2009-12-31,2009-12-31,USD,135594968,42017813,6233372,6233372,3654640,7025011,93577155,92150000,None,None,None,None,None,None,24903476,3855954,None,12035518,8910256,6419534,None,None,834492,3125262,None,500000,None,None,1334492,1656230,None,123559450,None,841892,43912,4409855
2009-09-30,USD,4182562,4855972,673410,673410,2325657,896877,0,1856905,None,None,None,535850,None,None,None,851394,2647246,1059000,None,0,None,2432985,3284379,1588246,2009-09-30,2009-09-30,USD,83053674,9637976,288042,288042,665388,5989190,73415698,71349000,None,None,None,None,None,None,1820903,1539841,None,18918286,8055210,4887047,None,None,838397,10863076,None,9500000,None,None,10338397,2329766,None,64135388,None,-209291,36770,3694157
2009-06-30,USD,1965933,2275084,309151,309151,666167,555316,0,1299766,None,None,None,278486,None,None,None,870932,526924,211000,None,0,None,537608,1408540,315924,2009-06-30,2009-06-30,USD,96089654,21876015,13634518,13634518,None,3678586,74213639,71838000,None,None,None,None,None,None,2574935,1987976,None,34256590,16022330,4519824,None,None,1638382,18234260,None,16500000,None,None,18138382,9864124,None,61833064,None,-2013050,36692,3474103
2009-03-31,USD,505564,658268,152704,152704,-468798,568635,0,974362,None,None,None,43527,None,None,None,444564,-512325,-205000,None,0,None,-509029,-64465,-307325,2009-03-31,2009-03-31,USD,67088944,5670943,640104,640104,1509103,2688283,61418000,57193000,None,None,None,None,None,None,None,2342556,None,17440745,10597829,3977145,None,None,2142057,6842916,None,6000000,None,None,8142057,4478627,None,49648199,None,-2328974,34393,3422392
2008-12-31,USD,505564,658268,152704,152704,-468798,568635,0,974362,None,None,None,43527,None,None,None,444564,-512325,-205000,None,0,None,-468798,-24234,-307325,2008-12-31,2008-12-31,USD,67088944,5670943,640104,640104,None,2688283,61418001,55233000,None,None,None,None,None,None,None,2342556,None,17440745,10597829,3977145,None,None,2142057,6842916,None,None,None,None,8142057,4478627,None,49648199,None,-2328974,34393,3422392
2008-09-30,USD,1344577,1362655,18078,18078,716698,355103,0,627879,None,None,None,190848,None,None,None,203103,871819,-310242,None,0,None,716698,919801,871819,2008-09-30,2008-09-30,USD,51285555,8541447,6772167,6772167,146273,1541207,42744108,39423000,None,None,None,None,None,None,3389350,228073,None,4377361,4377361,770771,None,None,988439,1759210,None,None,None,None,988439,2618151,None,46908194,None,-3413393,34025,3441498
2008-06-30,USD,1344577,1362655,18078,18078,561577,355103,0,627879,None,None,None,310242,None,None,None,203103,871819,-310242,None,0,None,561577,764680,1182061,2008-06-30,2008-06-30,USD,51285555,8541447,6772167,6772167,None,1541207,42744108,20729000,None,None,None,None,None,None,3389350,81800,None,4377361,4377361,770771,None,None,988439,1759210,None,None,None,None,988439,2618151,None,46908194,None,-3413393,34025,3441498
2008-03-31,USD,273537,287029,13492,13492,-283546,507883,0,557083,None,None,None,96269,None,None,None,49200,-187277,-193838,None,0,None,-283546,-234346,-187277,2008-03-31,2008-03-31,USD,20909888,5962838,1967740,1967740,None,220015,14947050,14947000,None,None,None,None,None,None,3659450,335648,None,2194099,2194099,481696,None,None,1519487,2001183,None,None,None,None,1519487,192916,None,18715789,None,-4568677,28901,2884973
2007-12-31,USD,0,0,0,0,-3011263,3011263,0,3011263,None,None,None,141914,None,None,None,2666,-2869349,-283828,None,0,None,-3011263,-3008597,-2869349,2007-12-31,2007-12-31,USD,18131464,10502630,10112660,10112660,None,None,7628834,7628000,None,None,None,None,None,None,None,389970,None,224247,224247,113254,None,None,None,113254,None,None,None,None,None,110993,None,17907217,None,-4381400,28696,2884973
2007-09-30,USD,0,0,0,0,-309487,309487,0,309487,None,None,None,42189,None,None,None,260,-267298,-84378,None,0,None,-309487,-309227,-267298,2007-09-30,2007-09-30,USD,18313637,11821436,11440348,11440348,None,None,6492201,6493000,None,None,None,None,None,None,None,381088,None,None,None,None,None,None,None,None,None,None,None,None,None,None,None,18313637,None,-1512051,27699,2296784
2007-06-30,USD,0,0,0,0,-1108470,889072,0,889072,None,None,None,13660,None,None,None,260,-1094810,630874,None,0,None,-894720,-894460,-1094810,2007-06-30,2007-06-30,USD,2691324,768795,580805,580805,24375,51776,1922529,1912000,None,None,None,None,None,None,None,136214,None,113649,113649,113649,None,None,None,113649,None,None,None,None,None,None,None,2577675,None,-1458503,22809,2272895
2007-03-31,USD,-136469,-136469,0,0,-297719,297719,0,297719,None,None,None,10133,None,None,None,260,-287586,-20266,None,0,None,-297719,-297459,-287586,2007-03-31,2007-03-31,USD,2796581,986676,924148,924148,None,None,1809905,1810000,None,None,None,None,None,None,None,62528,None,33339,33339,33339,None,None,None,33339,None,None,None,None,None,None,None,2763242,None,-363693,22664,2019683
2006-12-31,USD,None,None,None,None,-1917,1917,None,1917,None,None,None,None,None,None,None,None,-1917,None,None,None,None,-1917,-1917,-1917,2006-12-31,2006-12-31,USD,None,100000,100000,100000,None,None,200000,None,None,None,None,None,None,None,None,None,None,38567,38567,1095,None,None,37472,38567,None,None,None,None,37472,-18,None,-38567,None,-2114727,2362,2019683
2006-09-30,USD,None,None,None,None,-1050,1050,None,1050,None,None,None,None,None,None,None,None,-1050,None,None,None,None,-1050,-1050,-1050,2006-09-30,2006-09-30,USD,None,None,None,None,None,None,None,None,None,None,None,None,None,None,None,None,None,36650,36650,370,None,None,36280,36650,None,None,None,None,36280,5839,None,-36650,None,-2112810,2362,236167
2006-06-30,USD,None,None,None,None,-680,680,None,680,None,None,None,None,None,None,None,None,-680,None,None,None,None,-680,-680,-680,2006-06-30,2006-06-30,USD,None,None,None,None,None,None,None,None,None,None,None,None,None,None,None,None,None,35600,35600,-15,None,None,35600,35600,None,None,None,None,35600,15,None,-35600,None,-2111760,2358,235819
2006-03-31,USD,None,None,None,None,-4109,4109,None,4109,None,None,None,None,None,None,None,None,-4109,None,None,None,None,-4109,-4109,-4109,2006-03-31,2006-03-31,USD,None,None,None,None,None,None,None,None,None,None,None,None,None,None,None,None,None,34920,34920,227,None,None,34693,34920,None,None,None,None,34693,None,None,-34920,None,-2111080,2358,235799
2005-12-31,USD,None,None,None,None,-26627,1627,None,26627,None,None,None,25000,None,None,None,75000,-1627,-25000,None,None,None,-14360,60640,-1627,2005-12-31,2005-12-31,USD,None,None,None,None,None,None,None,None,None,None,None,None,None,None,None,None,None,30811,30811,15,None,None,30796,30811,None,None,None,None,30796,None,None,-30811,None,-2106971,2358,235799
2005-09-30,USD,None,None,None,None,-1032,1032,None,1032,None,None,None,None,None,None,None,None,-1032,None,None,None,None,-1032,-1032,-1032,2005-09-30,2005-09-30,USD,None,None,None,None,None,None,None,None,None,None,None,None,None,None,None,None,None,29184,29184,317,None,None,28867,29184,None,None,None,None,28867,None,None,-29184,None,-2105344,2358,236147
2005-06-30,USD,None,None,None,None,22765,2235,None,2235,None,None,None,None,None,None,None,-75000,22765,50000,None,None,None,22765,-52235,22765,2005-06-30,2005-06-30,USD,None,None,None,None,None,None,None,None,None,None,None,None,None,None,None,None,None,28152,28152,1363,None,None,26789,28152,None,None,None,None,26789,None,None,-28152,None,-2104312,2358,235799
2005-03-31,USD,None,None,None,None,-7373,7373,None,7373,None,None,None,None,None,None,None,None,-7373,None,None,None,None,-7373,-7373,-7373,2005-03-31,2005-03-31,USD,None,None,None,None,None,None,None,None,None,None,None,None,None,None,None,None,None,50917,50917,10390,None,None,40527,50917,None,None,None,None,40527,None,None,-50917,None,-2127077,2358,235799
